<record><leader>00000cas a22000007a 4500</leader><controlfield tag="001">10330976</controlfield><controlfield tag="008">840124d18661868couwr ne      0    0eng d</controlfield><datafield ind1=" " ind2=" " tag="010"><subfield code="a">sn 84022250 </subfield></datafield><datafield ind1=" " ind2=" " tag="040"><subfield code="a">NPX</subfield><subfield code="b">eng</subfield><subfield code="c">NPX</subfield><subfield code="d">OCLCQ</subfield><subfield code="d">OCLCG</subfield><subfield code="d">OCLCQ</subfield></datafield><datafield ind1=" " ind2=" " tag="042"><subfield code="a">msc</subfield></datafield><datafield ind1=" " ind2=" " tag="043"><subfield code="a">n-us-co</subfield></datafield><datafield ind1="0" ind2="4" tag="245"><subfield code="a">The Weekly Colorado times.</subfield></datafield><datafield ind1=" " ind2=" " tag="260"><subfield code="a">[Black Hawk] Colorado :</subfield><subfield code="b">Colorado Times Pub. Co.</subfield></datafield><datafield ind1=" " ind2=" " tag="300"><subfield code="a">v. ;</subfield><subfield code="c">63 cm.</subfield></datafield><datafield ind1=" " ind2=" " tag="310"><subfield code="a">Weekly</subfield></datafield><datafield ind1="1" ind2=" " tag="362"><subfield code="a">Began with Dec. 11, 1866 issue.</subfield><subfield code="z">Cf. Gregory, W. Amer. newspapers.</subfield></datafield><datafield ind1="1" ind2=" " tag="362"><subfield code="a">Ceased in Jan. 1868.</subfield><subfield code="z">Cf. Oehlerts, d. E. Guide to Colorado newspapers, 1859-1963, 1964.</subfield></datafield><datafield ind1=" " ind2=" " tag="500"><subfield code="a">Editors: H. Garbanati, O.J. Goldrick, &lt;1867&gt;.</subfield></datafield><datafield ind1=" " ind2=" " tag="500"><subfield code="a">Place of publication recorded in McMurtrie, D.C. Early printing in Colorado, 1935.</subfield></datafield><datafield ind1=" " ind2=" " tag="500"><subfield code="a">Published at Central City, Colorado, &lt;1867&gt;-1868.</subfield></datafield><datafield ind1=" " ind2=" " tag="588"><subfield code="a">Description based on: Vol. 1, no. 17 (Apr. 2, 1867).</subfield></datafield><datafield ind1="1" ind2=" " tag="700"><subfield code="a">Goldrick, Oscar J.,</subfield><subfield code="d">1834-1882.</subfield></datafield><datafield ind1="1" ind2=" " tag="700"><subfield code="a">Garbanati, Henry.</subfield></datafield><datafield ind1=" " ind2=" " tag="752"><subfield code="a">United States</subfield><subfield code="b">Colorado</subfield><subfield code="c">Gilpin</subfield><subfield code="d">Black Hawk.</subfield></datafield><datafield ind1=" " ind2=" " tag="752"><subfield code="a">United States</subfield><subfield code="b">Colorado</subfield><subfield code="c">Gilpin</subfield><subfield code="d">Central City.</subfield></datafield><datafield ind1="1" ind2=" " tag="775"><subfield code="t">Daily Colorado times</subfield></datafield></record>